<record><leader>00000cas a22000007a 4500</leader><controlfield tag="001">23825318</controlfield><controlfield tag="008">910523d18771961nyuwr ne      0    0eng d</controlfield><datafield ind1=" " ind2=" " tag="010"><subfield code="a">sn 91066281 </subfield></datafield><datafield ind1=" " ind2=" " tag="040"><subfield code="a">NYS</subfield><subfield code="b">eng</subfield><subfield code="c">NYS</subfield><subfield code="d">OCLCQ</subfield></datafield><datafield ind1=" " ind2=" " tag="042"><subfield code="a">msc</subfield></datafield><datafield ind1="0" ind2=" " tag="130"><subfield code="a">Waterloo observer (Waterloo, N.Y. : 1877)</subfield></datafield><datafield ind1="1" ind2="0" tag="245"><subfield code="a">Waterloo observer.</subfield></datafield><datafield ind1="3" ind2="0" tag="246"><subfield code="a">Waterloo observer and Democrat</subfield></datafield><datafield ind1=" " ind2=" " tag="260"><subfield code="a">Waterloo, N.Y. :</subfield><subfield code="b">Wm. H. Burton, Wm. A. Burton, John A. Burton</subfield></datafield><datafield ind1=" " ind2=" " tag="300"><subfield code="a">v.</subfield></datafield><datafield ind1=" " ind2=" " tag="310"><subfield code="a">Weekly</subfield></datafield><datafield ind1="0" ind2=" " tag="362"><subfield code="a">Vol. 52, no. 2673 (May 16, 1877)-</subfield></datafield><datafield ind1="1" ind2=" " tag="362"><subfield code="a">Ceased in 1961.</subfield></datafield><datafield ind1=" " ind2=" " tag="500"><subfield code="a">Published as: Waterloo observer and Democrat, Jan. 4-Dec. 27, 1901.</subfield></datafield><datafield ind1=" " ind2=" " tag="500"><subfield code="a">Publishers: Wm. H. Burton, Wm. A. Burton, John A. Burton, 1877- ; W.H. Burton, &lt;1879-1883&gt;; Stahl &amp; Lerch, &lt;1890-1891&gt;; A.L. Childs, &lt;1896&gt;; S.H. &amp; L.W. Ferenbaugh, &lt;1903-1905&gt;; Rowland L. Hughey, &lt;1936-195u&gt;; Waterloo Observer, Inc., &lt;195u-1961&gt;.</subfield></datafield><datafield ind1=" " ind2="4" tag="651"><subfield code="a">Waterloo (N.Y.)</subfield><subfield code="v">Newspapers.</subfield></datafield><datafield ind1=" " ind2=" " tag="752"><subfield code="a">United States</subfield><subfield code="b">New York</subfield><subfield code="c">Seneca</subfield><subfield code="d">Waterloo.</subfield></datafield><datafield ind1="0" ind2="0" tag="780"><subfield code="t">Waterloo weekly observer</subfield><subfield code="w">(DLC)sn 83031753</subfield></datafield><datafield ind1="1" ind2=" " tag="029"><subfield code="a">AU@</subfield><subfield code="b">000025906376</subfield></datafield></record>